<record><leader>00000cas a22000007a 4500</leader><controlfield tag="001">18130704</controlfield><controlfield tag="008">880624d18581864pauwr ne      0    0eng d</controlfield><datafield ind1=" " ind2=" " tag="010"><subfield code="a">sn 88080809 </subfield></datafield><datafield ind1=" " ind2=" " tag="040"><subfield code="a">NPH</subfield><subfield code="b">eng</subfield><subfield code="c">NPH</subfield><subfield code="d">OCLCQ</subfield></datafield><datafield ind1=" " ind2=" " tag="042"><subfield code="a">msc</subfield></datafield><datafield ind1="0" ind2="4" tag="245"><subfield code="a">The Crawford County record.</subfield></datafield><datafield ind1=" " ind2=" " tag="260"><subfield code="a">Conneautville, Pa. :</subfield><subfield code="b">J.W. Patton</subfield></datafield><datafield ind1=" " ind2=" " tag="300"><subfield code="a">v. ;</subfield><subfield code="c">66 cm.</subfield></datafield><datafield ind1=" " ind2=" " tag="310"><subfield code="a">Weekly</subfield></datafield><datafield ind1="1" ind2=" " tag="362"><subfield code="a">Began in 1858; ceased in 1864.</subfield></datafield><datafield ind1=" " ind2=" " tag="588"><subfield code="a">Description based on: Vol. 2, no. 47 (June 29, 1861).</subfield></datafield><datafield ind1=" " ind2=" " tag="752"><subfield code="a">United States</subfield><subfield code="b">Pennsylvania</subfield><subfield code="c">Crawford</subfield><subfield code="d">Conneautville.</subfield></datafield><datafield ind1="0" ind2="7" tag="785"><subfield code="t">Conneautville courier (Conneautville, Pa. : 1865)</subfield><subfield code="w">(DLC)sn 88079335</subfield></datafield><datafield ind1="0" ind2="7" tag="785"><subfield code="t">Record and courier</subfield><subfield code="w">(DLC)sn 88079336</subfield></datafield></record>